% file may be used for manual citations

@misc{Github.11.06.2021,
	year = {11.06.2021},
	title = {{OWTF at GitHub}},
	url = {https://github.com/owtf/owtf/},
	urldate = {11.06.2021}
}

@misc{OWTFDocs.11.06.2021,
	year = {11.06.2021},
	title = {{OWTF official documentation}},
	url = {https://owtf.readthedocs.io/},
	urldate = {11.06.2021}
}


@misc{Brennen.11.06.2021,
	author = {Jerod Brennen},
	year = {11.06.2021},
	title = {{Automating Security Testing with the OWTF by Jerod Brennen}},
	url = {https://www.youtube.com/watch?v=03o2FdNK4IY},
	urldate = {11.06.2021}
}

@misc{Guide.11.06.2021,
	author = {OWASP},
	year = {11.06.2021},
	title = {{OWASP Testing Guide}},
	url = {https://github.com/OWASP/wstg/tree/master/document/},
	urldate = {11.06.2021}
}

@misc{Top10.11.06.2021,
	author = {OWASP},
	year = {11.06.2021},
	title = {{OWASP Top 10}},
	url = {https://owasp.org/www-project-top-ten/},
	urldate = {11.06.2021}
}

@misc{PTES.11.06.2021,
	year = {11.06.2021},
	title = {{Penentration Testing Execution Standard}},
	url = {http://www.pentest-standard.org/index.php/Main_Page/},
	urldate = {11.06.2021}
}

@misc{NIST.29.06.2021,
	year = {29.06.2021},
	title = {{NIST SP 800-115 Information Security Testing and Assessment}},
	url = {https://nvlpubs.nist.gov/nistpubs/Legacy/SP/nistspecialpublication800-115.pdf},
	urldate = {11.06.2021}
}

@misc{Arachni.11.06.2021,
	year = {11.06.2021},
	title = {{Arachni - Web Application Security Scanner Framework}},
	url = {https://www.arachni-scanner.com/},
	urldate = {11.06.2021}
}

@misc{WAF.11.06.2021,
	year = {11.06.2021},
	title = {{w3af - Web Application Attack and Audit Framework}},
	url = {http://w3af.org/},
	urldate = {11.06.2021}
}

@misc{Skipfish.11.06.2021,
	year = {11.06.2021},
	title = {{Skipfish - active web application security reconnaissance tool}},
	url = {https://tools.kali.org/web-applications/skipfish/},
	urldate = {11.06.2021}
}

@misc{DirBuster.11.06.2021,
	year = {11.06.2021},
	title = {{DirBuster - multi threaded java application designed to brute force directories and files names on web/application servers}},
	url = {https://tools.kali.org/web-applications/dirbuster/},
	urldate = {11.06.2021}
}

@misc{TestPHP.11.06.2021,
	year = {11.06.2021},
	title = {{example PHP application, intentionally vulnerable to web attacks}},
	url = {http://testphp.vulnweb.com/},
	urldate = {11.06.2021}
}

@misc{GSoC2021.11.06.2021,
	year = {11.06.2021},
	title = {{Google Sommer of code 2021 - Ideas}},
	url = {https://owasp.org/www-community/initiatives/gsoc/gsoc2021ideas/},
	urldate = {11.06.2021}
}


